<record><leader>00000cas a22000007a 4500</leader><controlfield tag="001">16823743</controlfield><controlfield tag="008">871007d19011902ohudn ne      0    0eng d</controlfield><datafield ind1=" " ind2=" " tag="010"><subfield code="a">sn 87075132 </subfield></datafield><datafield ind1=" " ind2=" " tag="040"><subfield code="a">ONP</subfield><subfield code="b">eng</subfield><subfield code="c">ONP</subfield><subfield code="d">OCLCQ</subfield></datafield><datafield ind1=" " ind2=" " tag="042"><subfield code="a">msc</subfield></datafield><datafield ind1="0" ind2=" " tag="130"><subfield code="a">Daily sentinel (Wellston, Ohio : 1901)</subfield></datafield><datafield ind1="1" ind2="0" tag="245"><subfield code="a">Daily sentinel.</subfield></datafield><datafield ind1=" " ind2=" " tag="260"><subfield code="a">Wellston, Ohio :</subfield><subfield code="b">F.A. Hockett,</subfield><subfield code="c">1901-1902.</subfield></datafield><datafield ind1=" " ind2=" " tag="310"><subfield code="a">Daily (except Sun.)</subfield></datafield><datafield ind1="0" ind2=" " tag="362"><subfield code="a">Vol. 1, no. 1 (Jan. 7, 1901)-2nd year, no. 93 (Apr. 23, 1902).</subfield></datafield><datafield ind1=" " ind2=" " tag="580"><subfield code="a">Weekly edition: Wellston sentinel (Wellston, Ohio : 1900).</subfield></datafield><datafield ind1=" " ind2=" " tag="752"><subfield code="a">United States</subfield><subfield code="b">Ohio</subfield><subfield code="c">Jackson</subfield><subfield code="d">Wellston.</subfield></datafield><datafield ind1="1" ind2=" " tag="775"><subfield code="t">Wellston sentinel (Wellston, Ohio : 1900)</subfield><subfield code="w">(DLC)sn 87075133</subfield></datafield><datafield ind1="0" ind2="0" tag="785"><subfield code="t">Wellston daily sentinel</subfield><subfield code="w">(DLC)sn 87075131</subfield></datafield></record>